@Online{eclipse,
	Author 		   = {wikipedia},
	Title 		   = {Eclipse (software)},
	year 		   = 2017,
	url 		   = {https://es.wikipedia.org/wiki/Eclipse_(software)}
}

@Online{java,
	Author 		   = {wikipedia},
	Title 		   = {Java (lenguaje de programación)},
	year 		   = 2017,
	url		 	   = {https://es.wikipedia.org/wiki/Java_(lenguaje_de_programacion)}
}

@Online{groovy,
	Author  	   = {wikipedia},
	Title 		   = {Groovy (lenguaje de programación)},
	year 		   = 2017,
	url 		   = {https://es.wikipedia.org/wiki/Groovy_(lenguaje_de_programacion)}
}

@Online{astudio,
	Author  	   = {wikipedia},
	Title 		   = {Android Studio},
	year 		   = 2017,
	url 		   = {https://es.wikipedia.org/wiki/Android_Studio}
}

@Book{javaFun,
	Author         = {Ricardo Walter Marcelo Villalobos},
	Title          = {Fundamentos de programación Java},
	Publisher      = {Marcombo},
	year           = 2016 
}

@Book{scrum,
	Author         = {P. Deemer, G. Benefield, C. Larman, and B. Vodde.},
	Title          = {Información Básica de Scrum},
	url			   = {http://www.goodagile.com/scrumprimer/scrumprimer_es. pdf},
	Publisher      = {Scrum Training Institute},
	year           = 2013 
}

@Online{android,
	Author  	   = {Carlos robles},
	Title 		   = {Fundamentos del desarrollo de aplicaciones para android },
	url 		   = {https://www.slideshare.net/SantiagoSolis1/fundamentos_del_desarrollo_...},
	year 		   = 2017
}

@Online{jaxrs,
	Author  	   = {wikipedia},
	Title 		   = {JAX-RS},
	year 		   = 2017,
	url 		   = {https://es.wikipedia.org/wiki/JAX-RS}
}

@Online{maven,
	Author  	   = {wikipedia},
	Title 		   = {Maven},
	year 		   = 2017,
	url 		   = {https://es.wikipedia.org/wiki/Maven}
}

@Online{gradle,
	Author  	   = {wikipedia},
	Title 		   = {Gradle},
	year 		   = 2017,
	url 		   = {https://es.wikipedia.org/wiki/Gradle}
}

@Online{ann,
	Author  	   = {Robert C. Martin},
	Title 		   = {AndroidAnnotations},
	year 		   = 2017,
	url 		   = {http://androidannotations.org/}
}

@Online{lombok,
	Title 		   = {Lombok Proyect},
	year 		   = 2017,
	url 		   = {https://projectlombok.org}
}

@Online{int20,
	Author  	   = {J.I.Cuerno},
	Title 		   = {Intraza20 Android)},
	year 		   = 2018,
	url 		   = {https://github.com/trinithy2000/intraza20}
}

@Online{intWeb,
	Author  	   = {J.I.Cuerno},
	Title 		   = {IntrazaWeb)},
	year 		   = 2018,
	url 		   = {https://github.com/trinithy2000/IntrazaWeb}
}
@Online{intErp,
	Author  	   = {J.I.Cuerno},
	Title 		   = {Erp Sample groovy)},
	year 		   = 2018,
	url 		   = {https://github.com/trinithy2000/erpSample}
}
@Online{intDoc,
	Author  	   = {J.I.Cuerno},
	Title 		   = {Documentación)},
	year 		   = 2018,
	url 		   = {https://github.com/trinithy2000/IntrazaDoc}
}